@article{shukor2025scaling,
  title={Scaling laws for native multimodal models},
  author={Shukor, Mustafa and Fini, Enrico and da Costa, Victor Guilherme Turrisi and Cord, Matthieu and Susskind, Joshua and El-Nouby, Alaaeldin},
  journal={arXiv preprint arXiv:2504.07951},
  year={2025}
}

@article{tong2024metamorph,
  title={Metamorph: Multimodal understanding and generation via instruction tuning},
  author={Tong, Shengbang and Fan, David and Zhu, Jiachen and Xiong, Yunyang and Chen, Xinlei and Sinha, Koustuv and Rabbat, Michael and LeCun, Yann and Xie, Saining and Liu, Zhuang},
  journal={arXiv preprint arXiv:2412.14164},
  year={2024}
}
